@MANUAL{cuda:sdk,
	AUTHOR = "Mark Harris",
	TITLE = "Optimizing Parallel Reduction in CUDA",
	EDITION = "2.3",
	ORGANIZATION = "NVIDIA Developer Technology",
	YEAR = {2008}	}



@MISC{blelloch:paralg,
	AUTHOR = {Guy E. Blelloch and Bruce M. Maggs},
	HOWPUBLISHED = {\url{http://www.cs.cmu.edu/~guyb/papers/BM04.pdf}},
	PAGES = {13-14},
	TITLE = {Parallel Algorithms}}


@INPROCEEDINGS{govindaraju:fastgpu,
    author = {Naga K. Govindaraju and Brandon Lloyd and Wei Wang and Ming Lin and Dinesh Manocha},
    title = {Fast Computation of Database Operations Using Graphics Processors},
    booktitle = {Proc. of ACM SIGMOD},
    year = {2004},
    pages = {215--226},
    publisher = {ACM Press}
}

@ARTICLE{smolar:mpdata-solver,
	AUTHOR = "Piotr K. Smolarkiewicz and Len G. Margolin",
	TITLE = {MPDATA: A Finite-Difference Solver for Geophysical Flows}}
	JOURNAL = "Academic Press",
	VOLUME = {140},
	HOWPUBLISHED = {\url{http://www.google.ru/url?sa=t&source=web&cd=2&ved=0CBoQFjAB&url=http%3A%2F%2Fwww.rsmas.miami.edu%2Fpersonal%2Fmiskandarani%2FCourses%2FMPO662%2FSmolarkiewicz%2FMPDATAreview.JCP140.pdf&ei=xEyvTOm5IYvLswbt193XDQ&usg=AFQjCNFykA2Y1pEXUoV8YlrCBJo8YdOV7g&sig2=exMqRpIJ0pUqEc2rUj6gJg}},
	NUMBER = {CP985901},
	PAGES = {459-480},
	YEAR = {1998}}	

@ARTICLE{smolar:mpdata-1d,
	AUTHOR = "Piotr K. Smolarkiewicz",
	TITLE = {A Simple Positive Definite Advection Scheme with Small Implicit Diffusion}}
	JOURNAL = "Monthly Weather Review",
	VOLUME = {111},
	PAGES = {479-486},
	YEAR = {1982}}	

@ARTICLE{maemarcus:diploma,
	AUTHOR = "Dmitry N. Mikushin",
	TITLE = {Численное моделирование мезомасштабного переноса примеси над гидрологически неоднородной поверхностью}}
	JOURNAL = "Дипломная работа",
	YEAR = {2008}}
	
@ARTICLE{maemarcus:mesoscale,
	AUTHOR = "Dmitry N. Mikushin and V. M. Stepanenko",
	TITLE = {Численное моделирование мезомасштабного переноса примеси над гидрологически неоднородной поверхностью}}
	JOURNAL = "Вычислительные технологии",
	VOLUME = {13},
	PAGES = {104-110},
	YEAR = {2008}}	

@Book{kirk:cuda,
 author    = "David B. Kirk and Wen-mei W. Hwu",
 title     = "Programming Massively Parallel Processors",
 publisher = "Morgan Kaufmann",
 year      = 2010,
 language  = "english"
}


	
@MISC{wrf:arw,
	HOWPUBLISHED = {\url{http://www.mmm.ucar.edu/wrf/users/docs/arw_v3.pdf}},
	TITLE = { {A Description of the Advanced Research WRF Version 3}}}
	
@MISC{web:rwgpu,
	AUTHOR = {David Kanter},
	HOWPUBLISHED = {\url{http://www.realworldtech.com/page.cfm?ArticleID=RWT090808195242&p=8}},
	TITLE = {NVIDIA's GT200: Inside a Parallel Processor}}

